
@online{usingc,
    author = {{Cython developers}},
    title = {Using C libraries},
    urldate = {2018-07-14},
    url = {https://cython.readthedocs.io/en/stable/src/tutorial/clibraries.html},year = {2018}
}