@ARTICLE {bestoftwo,
author = {L. Dalcin and R. Bradshaw and K. Smith and C. Citro and S. Behnel and D. Seljebotn},
journal = {Computing in Science \& Engineering},
title = {Cython: The Best of Both Worlds},
year = {2011},
volume = {13},
number = {02},
issn = {1558-366X},
pages = {31-39},
keywords = {python;cython;numerics;scientific computing},
doi = {10.1109/MCSE.2010.118},
publisher = {IEEE Computer Society},
address = {Los Alamitos, CA, USA},
month = {mar}
}

@article{sparsesurvey,
  title={A survey of direct methods for sparse linear systems},
  author={ Davis, T. A.  and  Rajamanickam, S.  and  Sid-Lakhdar, W. M. },
  journal={Acta Numerica},
  volume={25},
  pages={383-566},
  year={2016},
}

@article{davis2008user,
  title={User Guide for CHOLMOD: a sparse Cholesky factorization and modification package},
  author={Davis, Timothy A},
  journal={Department of Computer and Information Science and Engineering, University of Florida, Gainesville, FL, USA},
  year={2008}
}

@article{chen2008algorithm,
  title={Algorithm 887: CHOLMOD, supernodal sparse Cholesky factorization and update/downdate},
  author={Chen, Yanqing and Davis, Timothy A and Hager, William W and Rajamanickam, Sivasankaran},
  journal={ACM Transactions on Mathematical Software (TOMS)},
  volume={35},
  number={3},
  pages={1--14},
  year={2008},
  publisher={ACM New York, NY, USA}
}

@article{邹丹2014基于,
  title={基于GPU的稀疏矩阵Cholesky分解},
  author={邹丹 and 窦勇 and 郭松},
  journal={计算机学报},
  volume={37},
  number={7},
  pages={10},
  year={2014},
}

@book{喻文健2015数值分析与算法,
  title={数值分析与算法.第2版},
  author={喻文健},
  publisher={数值分析与算法.第2版},
  year={2015},
}

@book{O2015Cython,
  title={Cython a guide for python programmers},
  author={O'reilly},
  year={2015},
}

@Article{         harris2020array,
 title         = {Array programming with {NumPy}},
 author        = {Charles R. Harris and K. Jarrod Millman, et al},
 year          = {2020},
 month         = sep,
 journal       = {Nature},
 volume        = {585},
 number        = {7825},
 pages         = {357--362},
 doi           = {10.1038/s41586-020-2649-2},
 publisher     = {Springer Science and Business Media {LLC}},
 url           = {https://doi.org/10.1038/s41586-020-2649-2}
}


@online{swig,
  author     = {{SWIG developers}},
  title      = {SWIG-4.0 Documentation},
  urldate    = {2020-06-08},
  url        = {https://www.swig.org/Doc4.0/SWIGDocumentation.pdf},
  year = {2020},
}

@online{cython,
  author     = {{Cython developers}},
  title      = {Cython 0.29.30 documentation},
  urldate = {2022-04-13},
  url = {https://cython.readthedocs.io/en/stable/index.html},
  year = {2022},
}

@online{libclang,
  author     = {{LLVM Developer Group}},
  title      = {libclang: C Interface to Clang},
  urldate = {2022-04-22},
  url = {https://clang.llvm.org/doxygen/group__CINDEX.html},
  year = {2022},
}

@online{cythonothers,
  author     = {Stefan Behnel},
  title      = {Cython, pybind11, cffi – which tool should you choose?},
  urldate = {2018-09-15},
  url = {http://blog.behnel.de/posts/cython-pybind11-cffi-which-tool-to-choose.html},
  year = {2018},
}

@online{msdnexperiment,
  author = {{Microsoft Corporation}},
  title = {Create a C++ extension for Python},
  urldate = {2022-04-30},
  url = {https://docs.microsoft.com/en-us/visualstudio/python/working-with-c-cpp-python-in-visual-studio?view=vs-2022},
  year = {2022},
}

@online{pyc,
  author = {{Python Software Foundation}},
  title = {Python/C API Reference Manual},
  urldate = {2022-04-17},
  url = {https://docs.python.org/3.8/c-api/index.html},
  year = {2022},
}
